<?xml version="1.0" encoding="UTF-8" ?>
<collection xmlns:xsi="http://www.w3.org/2001/XMLSchema-instance"
    xsi:schemaLocation="http://www.loc.gov/MARC21/slim
        http://www.loc.gov/standards/marcxml/schema/MARC21slim.xsd"
    xmlns="http://www.loc.gov/MARC21/slim">
<record>
  <leader>00527cam a2201141 ia4500</leader>
  <controlfield tag="001">b12686578</controlfield>
  <controlfield tag="003">LeBAU</controlfield>
  <controlfield tag="005">20180129</controlfield>
  <controlfield tag="008">970929m19361938ua acf        ||0 0cara d</controlfield>
  <datafield tag="035" ind1=" " ind2=" ">
    <subfield code="a">ocn784462180</subfield>
  </datafield>
  <datafield tag="040" ind1=" " ind2=" ">
    <subfield code="a">LEAUB</subfield>
    <subfield code="b">ara</subfield>
    <subfield code="e">rda</subfield>
    <subfield code="c">LEAUB</subfield>
    <subfield code="d">LEAUB</subfield>
  </datafield>
  <datafield tag="082" ind1="0" ind2="4">
    <subfield code="a">928.927</subfield>
    <subfield code="2">20</subfield>
  </datafield>
  <datafield tag="100" ind1="0" ind2=" ">
    <subfield code="6">880-01</subfield>
    <subfield code="a">Yāqūt ibn ʻAbd Allāh al-Ḥamawī,</subfield>
    <subfield code="d">1179?-1229,</subfield>
    <subfield code="e">author.</subfield>
  </datafield>
  <datafield tag="245" ind1="1" ind2="0">
    <subfield code="6">880-02</subfield>
    <subfield code="a">Muʻjam al-udabāʼ fī ʻishrīn juz’an /</subfield>
    <subfield code="c">li-Yāqūt ; rājaʻat'hu Wizārat al-Maʻārif al-ʻUmūmīyah ; [taḥqīq] al-Duktūr Aḥmad Farīd Rifāʻī, mudīr Idārat al-Ṣiḥāfah wa-al-Nashr wa-al-thaqāfah al-Miṣrīyah.</subfield>
  </datafield>
  <datafield tag="246" ind1="3" ind2="3">
    <subfield code="6">880-03</subfield>
    <subfield code="a">Irshād al-arīb ilá maʻrifat al-adīb</subfield>
  </datafield>
  <datafield tag="250" ind1=" " ind2=" ">
    <subfield code="6">880-04</subfield>
    <subfield code="a">al-Ṭabʻah al-akhīrah, munaqqaḥah wa-maḍbūṭah wa-fī-hā ziyādāt.</subfield>
  </datafield>
  <datafield tag="264" ind1=" " ind2="1">
    <subfield code="6">880-05</subfield>
    <subfield code="a">Miṣr :</subfield>
    <subfield code="b">Maṭbūʻāt Dār al-Ma’mūn,</subfield>
    <subfield code="c">1355-1357 H. = 1936-1938 M.</subfield>
  </datafield>
  <datafield tag="300" ind1=" " ind2=" ">
    <subfield code="6">880-06</subfield>
    <subfield code="a">20 volumes :</subfield>
    <subfield code="b">illustrations, portraits ;</subfield>
    <subfield code="c">22 cm.</subfield>
  </datafield>
  <datafield tag="336" ind1=" " ind2=" ">
    <subfield code="a">text</subfield>
    <subfield code="b">txt</subfield>
    <subfield code="2">rdacontent</subfield>
  </datafield>
  <datafield tag="336" ind1=" " ind2=" ">
    <subfield code="a">still image</subfield>
    <subfield code="b">sti</subfield>
    <subfield code="2">rdacontent</subfield>
  </datafield>
  <datafield tag="337" ind1=" " ind2=" ">
    <subfield code="a">unmediated</subfield>
    <subfield code="b">n</subfield>
    <subfield code="2">rdamedia</subfield>
  </datafield>
  <datafield tag="338" ind1=" " ind2=" ">
    <subfield code="a">volume</subfield>
    <subfield code="b">nc</subfield>
    <subfield code="2">rdacarrier</subfield>
  </datafield>
  <datafield tag="490" ind1="1" ind2=" ">
    <subfield code="6">880-07</subfield>
    <subfield code="a">Silsilat al-mawsūʻāt al-ʻArabīyah</subfield>
  </datafield>
  <datafield tag="500" ind1=" " ind2=" ">
    <subfield code="a">في رأس العنوان: الوقت من ذهب؛ مكتبة القراءة والثقافة الادبية.</subfield>
  </datafield>
  <datafield tag="541" ind1=" " ind2=" ">
    <subfield code="c">هبة؛</subfield>
    <subfield code="a">رشاد بيبي؛</subfield>
    <subfield code="3">النسخة الأولى لمكتبة يافث.</subfield>
  </datafield>
  <datafield tag="590" ind1=" " ind2=" ">
    <subfield code="a">في المكتبة: نسخة قسم الأرشيف والمجموعات الخاصة و نسخة قسم المراجع مجلدة 20 جزء ببليوغرافي في 10 مجلدات مادية ؛ نسخة مكتبة يافث الأولى مجلدة 20 جزء ببليوغرافي في 7 مجلدات مادية.</subfield>
  </datafield>
  <datafield tag="590" ind1=" " ind2=" ">
    <subfield code="a">في المكتبة: الأجزاء 17-18 من نسخة مكتبة يافث الثانية، مجلدان في مجلد واحد.</subfield>
  </datafield>
  <datafield tag="650" ind1=" " ind2="4">
    <subfield code="a">المؤلفون العرب</subfield>
    <subfield code="z">الامبراطورية الاسلامية</subfield>
    <subfield code="v">تراجم</subfield>
    <subfield code="v">اعمال قديمة حتى1800.</subfield>
  </datafield>
  <datafield tag="650" ind1=" " ind2="4">
    <subfield code="a">العلماء</subfield>
    <subfield code="z">الامبراطورية الاسلامية</subfield>
    <subfield code="v">تراجم</subfield>
    <subfield code="v">اعمال قديمة حتى 1800.</subfield>
  </datafield>
  <datafield tag="650" ind1=" " ind2="0">
    <subfield code="a">Authors, Arab</subfield>
    <subfield code="z">Islamic Empire</subfield>
    <subfield code="v">Biography</subfield>
    <subfield code="v">Early Works to 1800.</subfield>
  </datafield>
  <datafield tag="650" ind1=" " ind2="0">
    <subfield code="a">Scientists</subfield>
    <subfield code="z">Islamic Empire</subfield>
    <subfield code="v">Biography</subfield>
    <subfield code="v">Early Works to 1800.</subfield>
  </datafield>
  <datafield tag="651" ind1=" " ind2="4">
    <subfield code="a">الامبراطورية الاسلامية</subfield>
    <subfield code="v">تراجم</subfield>
    <subfield code="v">اعمال قديمة حتى 1800.</subfield>
  </datafield>
  <datafield tag="651" ind1=" " ind2="0">
    <subfield code="a">Islamic Empire</subfield>
    <subfield code="v">Biography</subfield>
    <subfield code="v">Early Works to 1800.</subfield>
  </datafield>
  <datafield tag="700" ind1="1" ind2=" ">
    <subfield code="6">880-08</subfield>
    <subfield code="a">Rifāʻī, Aḥmad Farīd,</subfield>
    <subfield code="e">annotator.</subfield>
  </datafield>
  <datafield tag="710" ind1="1" ind2=" ">
    <subfield code="6">880-09</subfield>
    <subfield code="a">Egypt.</subfield>
    <subfield code="b">Wizārat al-Maʻārif al-ʻUmūmīyah,</subfield>
    <subfield code="e">reviewer.</subfield>
  </datafield>
  <datafield tag="830" ind1=" " ind2="0">
    <subfield code="6">880-10</subfield>
    <subfield code="a">Silsilat al-mawsūʻāt al-ʻArabīyah.</subfield>
  </datafield>
  <datafield tag="852" ind1=" " ind2=" ">
    <subfield code="a">Jafet Library</subfield>
    <subfield code="e">American University of Beirut, Bliss Street , Beirut, Lebanon.</subfield>
  </datafield>
  <datafield tag="852" ind1=" " ind2=" ">
    <subfield code="a">Jafet Archives and Special Collections</subfield>
    <subfield code="e">American University of Beirut, Bliss Street , Beirut, Lebanon.</subfield>
  </datafield>
  <datafield tag="852" ind1=" " ind2=" ">
    <subfield code="a">Jafet Reference</subfield>
    <subfield code="e">American University of Beirut, Bliss Street, Beirut, Lebanon.‎</subfield>
  </datafield>
  <datafield tag="880" ind1="0" ind2=" ">
    <subfield code="6">100-01/(3/r</subfield>
    <subfield code="a">ياقوت بن عبد الله الحموي،</subfield>
    <subfield code="d">1179؟-1229،</subfield>
    <subfield code="e">مؤلف. </subfield>
    <subfield code="4">aut.</subfield>
  </datafield>
  <datafield tag="880" ind1="1" ind2="0">
    <subfield code="6">245-02/(3/r</subfield>
    <subfield code="a">معجم الأدباء في عشرين جزءا /</subfield>
    <subfield code="c">لياقوت ؛ راجعته وزارة المعارف العمومية ؛ [تحقيق] الدكتور أحمد فريد رفاعي، مدير ادارة الصحافة والنشر والثقافة المصرية.</subfield>
  </datafield>
  <datafield tag="880" ind1="3" ind2="3">
    <subfield code="6">246-03/(3/r</subfield>
    <subfield code="a">إرشاد الأريب إلى معرفة الأديب</subfield>
  </datafield>
  <datafield tag="880" ind1="1" ind2=" ">
    <subfield code="6">700-08/(3/r</subfield>
    <subfield code="a">رفاعي، احمد فريد،</subfield>
    <subfield code="e">محقق. </subfield>
    <subfield code="4">ann.</subfield>
  </datafield>
  <datafield tag="880" ind1=" " ind2=" ">
    <subfield code="6">250-04/(3/r</subfield>
    <subfield code="a">الطبعة الأخيرة، منقحة ومضبوطة وفيها زيادات.</subfield>
  </datafield>
  <datafield tag="880" ind1=" " ind2="1">
    <subfield code="6">264-05/(3/r</subfield>
    <subfield code="a">مصر :</subfield>
    <subfield code="b">مطبوعات دار المأمون،</subfield>
    <subfield code="c">1355-1357 هـ. = 1936-1938 م.</subfield>
  </datafield>
  <datafield tag="880" ind1=" " ind2=" ">
    <subfield code="6">300-06/(3/r</subfield>
    <subfield code="a">20 جزء :</subfield>
    <subfield code="b">مصورات، صور شخصانية ؛</subfield>
    <subfield code="c">22 سم.</subfield>
  </datafield>
  <datafield tag="880" ind1="1" ind2=" ">
    <subfield code="6">490-07/(3/r</subfield>
    <subfield code="a">سلسلة الموسوعات العربية</subfield>
  </datafield>
  <datafield tag="880" ind1="1" ind2=" ">
    <subfield code="6">710-09/(3/r</subfield>
    <subfield code="a">مصر.</subfield>
    <subfield code="b">وزارة المعارف العمومية،</subfield>
    <subfield code="e">مراجع. </subfield>
    <subfield code="4">rev.</subfield>
  </datafield>
  <datafield tag="880" ind1=" " ind2="0">
    <subfield code="6">830-10/(3/r</subfield>
    <subfield code="a">سلسلة الموسوعات العربية.</subfield>
  </datafield>
  <datafield tag="907" ind1=" " ind2=" ">
    <subfield code="a">.b12686578</subfield>
    <subfield code="b">18-01-30</subfield>
    <subfield code="c">11-05-24</subfield>
  </datafield>
  <datafield tag="907" ind1=" " ind2=" ">
    <subfield code="a">.b12686578</subfield>
    <subfield code="b">11-10-11</subfield>
    <subfield code="c">11-05-24</subfield>
  </datafield>
  <datafield tag="945" ind1=" " ind2=" ">
    <subfield code="f">CA:R</subfield>
    <subfield code="a">928.927:Y15mA:v.1-2</subfield>
    <subfield code="i">00503152</subfield>
    <subfield code="j">.i19927976</subfield>
    <subfield code="l">u0318</subfield>
  </datafield>
  <datafield tag="945" ind1=" " ind2=" ">
    <subfield code="f">CA:R</subfield>
    <subfield code="a">928.927:Y15mA:v.3-4</subfield>
    <subfield code="i">00503153</subfield>
    <subfield code="j">.i19927988</subfield>
    <subfield code="l">u0318</subfield>
  </datafield>
  <datafield tag="945" ind1=" " ind2=" ">
    <subfield code="f">CA:R</subfield>
    <subfield code="a">928.927:Y15mA:v.5-6</subfield>
    <subfield code="i">00503154</subfield>
    <subfield code="j">.i1992799x</subfield>
    <subfield code="l">u0318</subfield>
  </datafield>
  <datafield tag="945" ind1=" " ind2=" ">
    <subfield code="f">CA:R</subfield>
    <subfield code="a">928.927:Y15mA:v.7-8</subfield>
    <subfield code="i">00503155</subfield>
    <subfield code="j">.i19928002</subfield>
    <subfield code="l">u0318</subfield>
  </datafield>
  <datafield tag="945" ind1=" " ind2=" ">
    <subfield code="f">CA:R</subfield>
    <subfield code="a">928.927:Y15mA:v.9-10</subfield>
    <subfield code="i">00503156</subfield>
    <subfield code="j">.i19928014</subfield>
    <subfield code="l">u0318</subfield>
  </datafield>
  <datafield tag="945" ind1=" " ind2=" ">
    <subfield code="f">CA:R</subfield>
    <subfield code="a">928.927:Y15mA:v.11-12</subfield>
    <subfield code="i">00503157</subfield>
    <subfield code="j">.i19928026</subfield>
    <subfield code="l">u0318</subfield>
  </datafield>
  <datafield tag="945" ind1=" " ind2=" ">
    <subfield code="f">CA:R</subfield>
    <subfield code="a">928.927:Y15mA:v.13-14</subfield>
    <subfield code="i">00503158</subfield>
    <subfield code="j">.i19928038</subfield>
    <subfield code="l">u0318</subfield>
  </datafield>
  <datafield tag="945" ind1=" " ind2=" ">
    <subfield code="f">CA:R</subfield>
    <subfield code="a">928.927:Y15mA:v.15-16</subfield>
    <subfield code="i">00503159</subfield>
    <subfield code="j">.i1992804x</subfield>
    <subfield code="l">u0318</subfield>
  </datafield>
  <datafield tag="945" ind1=" " ind2=" ">
    <subfield code="f">CA:R</subfield>
    <subfield code="a">928.927:Y15mA:v.17-18</subfield>
    <subfield code="i">00503160</subfield>
    <subfield code="j">.i19928051</subfield>
    <subfield code="l">u0318</subfield>
  </datafield>
  <datafield tag="945" ind1=" " ind2=" ">
    <subfield code="f">CA:R</subfield>
    <subfield code="a">928.927:Y15mA:v.19-20</subfield>
    <subfield code="i">00503161</subfield>
    <subfield code="j">.i19928063</subfield>
    <subfield code="l">u0318</subfield>
  </datafield>
  <datafield tag="945" ind1=" " ind2=" ">
    <subfield code="f">R</subfield>
    <subfield code="a">928.927:Y15mA:v.1-2</subfield>
    <subfield code="i">01053757</subfield>
    <subfield code="j">.i13230682</subfield>
    <subfield code="l">u0601</subfield>
  </datafield>
  <datafield tag="945" ind1=" " ind2=" ">
    <subfield code="f">R</subfield>
    <subfield code="a">928.927:Y15mA:v.3-4</subfield>
    <subfield code="i">01053758</subfield>
    <subfield code="j">.i13230694</subfield>
    <subfield code="l">u0601</subfield>
  </datafield>
  <datafield tag="945" ind1=" " ind2=" ">
    <subfield code="f">R</subfield>
    <subfield code="a">928.927:Y15mA:v.5-6</subfield>
    <subfield code="i">01053759</subfield>
    <subfield code="j">.i13230700</subfield>
    <subfield code="l">u0601</subfield>
  </datafield>
  <datafield tag="945" ind1=" " ind2=" ">
    <subfield code="f">R</subfield>
    <subfield code="a">928.927:Y15mA:v.7-8</subfield>
    <subfield code="i">01053763</subfield>
    <subfield code="j">.i13230712</subfield>
    <subfield code="l">u0601</subfield>
  </datafield>
  <datafield tag="945" ind1=" " ind2=" ">
    <subfield code="f">R</subfield>
    <subfield code="a">928.927:Y15mA:v.9-10</subfield>
    <subfield code="i">01053764</subfield>
    <subfield code="j">.i13230724</subfield>
    <subfield code="l">u0601</subfield>
  </datafield>
  <datafield tag="945" ind1=" " ind2=" ">
    <subfield code="f">R</subfield>
    <subfield code="a">928.927:Y15mA:v.11-12</subfield>
    <subfield code="i">01053765</subfield>
    <subfield code="j">.i13230736</subfield>
    <subfield code="l">u0601</subfield>
  </datafield>
  <datafield tag="945" ind1=" " ind2=" ">
    <subfield code="f">R</subfield>
    <subfield code="a">928.927:Y15mA:v.13-14</subfield>
    <subfield code="i">01068599</subfield>
    <subfield code="j">.i13230748</subfield>
    <subfield code="l">u0601</subfield>
  </datafield>
  <datafield tag="945" ind1=" " ind2=" ">
    <subfield code="f">R</subfield>
    <subfield code="a">928.927:Y15mA:v.15-16</subfield>
    <subfield code="i">01068602</subfield>
    <subfield code="j">.i1323075x</subfield>
    <subfield code="l">u0601</subfield>
  </datafield>
  <datafield tag="945" ind1=" " ind2=" ">
    <subfield code="f">R</subfield>
    <subfield code="a">928.927:Y15mA:v.17-18</subfield>
    <subfield code="i">01068604</subfield>
    <subfield code="j">.i13230761</subfield>
    <subfield code="l">u0601</subfield>
  </datafield>
  <datafield tag="945" ind1=" " ind2=" ">
    <subfield code="f">R</subfield>
    <subfield code="a">928.927:Y15mA:v.19-20</subfield>
    <subfield code="i">01068607</subfield>
    <subfield code="j">.i13230773</subfield>
    <subfield code="l">u0601</subfield>
  </datafield>
  <datafield tag="945" ind1=" " ind2=" ">
    <subfield code="f">J</subfield>
    <subfield code="a">928.927:Y15mA:v.1-3:c.1</subfield>
    <subfield code="i">00501450</subfield>
    <subfield code="j">.i13230608</subfield>
    <subfield code="l">u0503</subfield>
  </datafield>
  <datafield tag="945" ind1=" " ind2=" ">
    <subfield code="f">J</subfield>
    <subfield code="a">928.927:Y15mA:v.4-6:c.1</subfield>
    <subfield code="i">00501451</subfield>
    <subfield code="j">.i1323061x</subfield>
    <subfield code="l">u0503</subfield>
  </datafield>
  <datafield tag="945" ind1=" " ind2=" ">
    <subfield code="f">J</subfield>
    <subfield code="a">928.927:Y15mA:v.7-9:c.1</subfield>
    <subfield code="i">00501452</subfield>
    <subfield code="j">.i13230621</subfield>
    <subfield code="l">u0503</subfield>
  </datafield>
  <datafield tag="945" ind1=" " ind2=" ">
    <subfield code="f">J</subfield>
    <subfield code="a">928.927:Y15mA:v.10-12:c.1</subfield>
    <subfield code="i">00501453</subfield>
    <subfield code="j">.i13230633</subfield>
    <subfield code="l">u0503</subfield>
  </datafield>
  <datafield tag="945" ind1=" " ind2=" ">
    <subfield code="f">J</subfield>
    <subfield code="a">928.927:Y15mA:v.13-15:c.1</subfield>
    <subfield code="i">00501454</subfield>
    <subfield code="j">.i13230645</subfield>
    <subfield code="l">u0503</subfield>
  </datafield>
  <datafield tag="945" ind1=" " ind2=" ">
    <subfield code="f">J</subfield>
    <subfield code="a">928.927:Y15mA:v.16-18:c.1</subfield>
    <subfield code="i">00501455</subfield>
    <subfield code="j">.i13230657</subfield>
    <subfield code="l">u0503</subfield>
  </datafield>
  <datafield tag="945" ind1=" " ind2=" ">
    <subfield code="f">J</subfield>
    <subfield code="a">928.927:Y15mA:v.19-20:c.1</subfield>
    <subfield code="i">00501456</subfield>
    <subfield code="j">.i13230669</subfield>
    <subfield code="l">u0503</subfield>
  </datafield>
  <datafield tag="945" ind1=" " ind2=" ">
    <subfield code="f">J</subfield>
    <subfield code="a">928.927:Y15mA:v.17-18:c.2</subfield>
    <subfield code="i">01053753</subfield>
    <subfield code="j">.i13230670</subfield>
    <subfield code="l">u0503</subfield>
  </datafield>
  <datafield tag="945" ind1=" " ind2=" ">
    <subfield code="f">J</subfield>
    <subfield code="a">928.927:Y15mA:v.1:c.2</subfield>
    <subfield code="i">00035839</subfield>
    <subfield code="j">.i13230785</subfield>
    <subfield code="l">u0503</subfield>
  </datafield>
  <datafield tag="945" ind1=" " ind2=" ">
    <subfield code="f">J</subfield>
    <subfield code="a">928.927:Y15mA:v.2:c.2</subfield>
    <subfield code="i">00036454</subfield>
    <subfield code="j">.i13230797</subfield>
    <subfield code="l">u0503</subfield>
  </datafield>
  <datafield tag="945" ind1=" " ind2=" ">
    <subfield code="f">J</subfield>
    <subfield code="a">928.927:Y15mA:v.3:c.2</subfield>
    <subfield code="i">00216740</subfield>
    <subfield code="j">.i13230803</subfield>
    <subfield code="l">u0503</subfield>
  </datafield>
  <datafield tag="945" ind1=" " ind2=" ">
    <subfield code="f">J</subfield>
    <subfield code="a">928.927:Y15mA:v.4:c.2</subfield>
    <subfield code="i">00211431</subfield>
    <subfield code="j">.i13230815</subfield>
    <subfield code="l">u0503</subfield>
  </datafield>
  <datafield tag="945" ind1=" " ind2=" ">
    <subfield code="f">J</subfield>
    <subfield code="a">928.927:Y15mA:v.5:c.2</subfield>
    <subfield code="i">00154835</subfield>
    <subfield code="j">.i13230827</subfield>
    <subfield code="l">u0503</subfield>
  </datafield>
  <datafield tag="945" ind1=" " ind2=" ">
    <subfield code="f">J</subfield>
    <subfield code="a">928.927:Y15mA:v.6:c.2</subfield>
    <subfield code="i">00038570</subfield>
    <subfield code="j">.i13230839</subfield>
    <subfield code="l">u0503</subfield>
  </datafield>
  <datafield tag="945" ind1=" " ind2=" ">
    <subfield code="f">J</subfield>
    <subfield code="a">928.927:Y15mA:v.8:c.2</subfield>
    <subfield code="i">00289538</subfield>
    <subfield code="j">.i13230840</subfield>
    <subfield code="l">u0503</subfield>
  </datafield>
  <datafield tag="945" ind1=" " ind2=" ">
    <subfield code="f">J</subfield>
    <subfield code="a">928.927:Y15mA:v.9:c.2</subfield>
    <subfield code="i">00289537</subfield>
    <subfield code="j">.i13230852</subfield>
    <subfield code="l">u0503</subfield>
  </datafield>
  <datafield tag="945" ind1=" " ind2=" ">
    <subfield code="f">J</subfield>
    <subfield code="a">928.927:Y15mA:v.10:c.2</subfield>
    <subfield code="i">00289536</subfield>
    <subfield code="j">.i13230864</subfield>
    <subfield code="l">u0503</subfield>
  </datafield>
  <datafield tag="945" ind1=" " ind2=" ">
    <subfield code="f">J</subfield>
    <subfield code="a">928.927:Y15mA:v.12:c.2</subfield>
    <subfield code="i">00289535</subfield>
    <subfield code="j">.i13230876</subfield>
    <subfield code="l">u0503</subfield>
  </datafield>
  <datafield tag="945" ind1=" " ind2=" ">
    <subfield code="f">J</subfield>
    <subfield code="a">928.927:Y15mA:v.13:c.2</subfield>
    <subfield code="i">00289541</subfield>
    <subfield code="j">.i13230888</subfield>
    <subfield code="l">u0503</subfield>
  </datafield>
  <datafield tag="945" ind1=" " ind2=" ">
    <subfield code="f">J</subfield>
    <subfield code="a">928.927:Y15mA:v.14:c.2</subfield>
    <subfield code="i">00289542</subfield>
    <subfield code="j">.i1323089x</subfield>
    <subfield code="l">u0503</subfield>
  </datafield>
  <datafield tag="945" ind1=" " ind2=" ">
    <subfield code="f">J</subfield>
    <subfield code="a">928.927:Y15mA:v.15:c.2</subfield>
    <subfield code="i">00289543</subfield>
    <subfield code="j">.i13230906</subfield>
    <subfield code="l">u0503</subfield>
  </datafield>
  <datafield tag="945" ind1=" " ind2=" ">
    <subfield code="f">J</subfield>
    <subfield code="a">928.927:Y15mA:v.16:c.2</subfield>
    <subfield code="i">00289544</subfield>
    <subfield code="j">.i13230918</subfield>
    <subfield code="l">u0503</subfield>
  </datafield>
  <datafield tag="945" ind1=" " ind2=" ">
    <subfield code="f">J</subfield>
    <subfield code="a">928.927:Y15mA:v.19:c.2</subfield>
    <subfield code="i">00289545</subfield>
    <subfield code="j">.i1323092x</subfield>
    <subfield code="l">u0503</subfield>
  </datafield>
  <datafield tag="945" ind1=" " ind2=" ">
    <subfield code="f">J</subfield>
    <subfield code="a">928.927:Y15mA:v.20:c.2</subfield>
    <subfield code="i">00289546</subfield>
    <subfield code="j">.i13230931</subfield>
    <subfield code="l">u0503</subfield>
  </datafield>
  <datafield tag="945" ind1=" " ind2=" ">
    <subfield code="f">J</subfield>
    <subfield code="a">928.927:Y15mA:v.11:c.2</subfield>
    <subfield code="i">00291485</subfield>
    <subfield code="j">.i13230943</subfield>
    <subfield code="l">u0503</subfield>
  </datafield>
  <datafield tag="945" ind1=" " ind2=" ">
    <subfield code="f">J</subfield>
    <subfield code="a">928.927:Y15mA:v.7:c.2</subfield>
    <subfield code="i">00336950</subfield>
    <subfield code="j">.i13230955</subfield>
    <subfield code="l">u0503</subfield>
  </datafield>
  <datafield tag="998" ind1=" " ind2=" ">
    <subfield code="a">u03</subfield>
    <subfield code="a">u05</subfield>
    <subfield code="a">u06</subfield>
    <subfield code="b">97-09-29</subfield>
    <subfield code="c">m</subfield>
    <subfield code="d">a</subfield>
    <subfield code="e">-</subfield>
    <subfield code="f">ara</subfield>
    <subfield code="g">ua </subfield>
    <subfield code="h">0</subfield>
    <subfield code="i">46</subfield>
  </datafield>
</record>
</collection>
